
//en orden iremos

@article{tedeschi-2006,
  title = {Assessment of the Adequacy of Mathematical Models},
  author = {Tedeschi, L. O.},
  year = {2006},
  journal = {Agricultural Systems},
  series = {(2-39)},
  volume = {89},
  pages = {225--247},
  doi = {10.1016/j.agsy.2005.11.004}
}

@article{medina-peralta-2017,
  title = {Validation of Models with Proportional Bias},
  author = {{Medina-Peralta}, S. and {Vargas-Villamil}, L. and {Colorado-Mart{\'i}nez}, L. and {Navarro-Alberto}, J.},
  year = {2017},
  journal = {Revista MVZ C{\'o}rdoba},
  volume = {22},
  pages = {5674--5682},
  doi = {10.21897/rmvz.927}
}


@article{mayer-butler-1993,
  title = {Statistical Validation},
  author = {Mayer, D.G. and Butler, D.G.},
  year = {1993},
  journal = {Theoretical Modelling Aspects},
  volume = {68},
  number = {1},
  pages = {21--32},
  issn = {0304-3800},
  doi = {10.1016/0304-3800(93)90105-2}
}


@article{yang-2004,
  title = {An Evaluation of Diagnostic Test and Their Roles in Validating Forest Biometric Models},
  author = {Yang, Y. and Monserud, A.R. and Huang, S.},
  year = {2004},
  journal = {Canadian Journal of Forest Research-revue Canadienne De Recherche Forestiere - CAN J FOREST RES},
  volume = {34},
  pages = {619--629},
  doi = {10.1139/x03-230}
}

@article{tedeschi-2006,
  title = {Assessment of the Adequacy of Mathematical Models},
  author = {Tedeschi, Luis O.},
  year = {2006},
  month = sep,
  volume = {89},
  pages = {225--247},
  issn = {0308-521X},
  doi = {10.1016/j.agsy.2005.11.004},
  journal = {Agricultural Systems},
  lccn = {INRMM-MiD:c-10284648},
  number = {2-3}
}


@book{montgomery-2012,
  title = {Introduction to Linear Regression Analysis},
  author = {Montgomery, D. C. and Peck, E. A. and G.G., Vining},
  year = {2012},
  edition = {5th Edition},
  publisher = {John wiley \& sons},
  address = {New Jersey, USA.},
  isbn = {0-470-54281-1}
}


@phdthesis{balam-2012,
  type = {Tesis de {{Maestr{\'i}a}}},
  title = {Evaluaci{\'o}n de La {{Exactitud}} y {{Precisi{\'o}n}} de Un {{Modelo}} Con {{Regresi{\'o}n Lineal}}},
  author = {{Balam}, Rosalinda},
  year = {2012},
  address = {M{\'e}rida, Yucat{\'a}n, M{\'e}xico.},
  school = {UADY, Facultad de Matem{\'a}ticas}
}



@phdthesis{mazun-2014,
  type = {Tesis de Licenciatura},
  title = {Dise{\~n}o e implementaci{\'o}n en el SVMRL del m{\'e}todo de Freese con sus extensiones para validad modelos en Web},
  author = {{Maz√∫n}, Eliseo},
  year = {2014},
  address = {M{\'e}rida, Yucat{\'a}n, M{\'e}xico.},
  school = {UADY, Facultad de Matem{\'a}ticas}
}



@phdthesis{zacarias-2023,
  type = {Tesis de {{Maestr{\'i}a}}},
  title = {Evaluaci{\'o}n de La Exactitud de Un Modelo Cuando No Se Cumplen Los Supuestos En La T{\'e}cnica de Regresi{\'o}n Lineal},
  author = {{Zacar{\'i}as}, Karen},
  year = {2023},
  address = {M{\'e}rida, Yucat{\'a}n, M{\'e}xico.},
  school = {UADY, Facultad de Matem{\'a}ticas}
}

@article{rana-2012,
  title = {Robust {{Wild Bootstrap}} for {{Stabilizing}} the {{Variance}} of {{Parameter Estimates}} in {{Heteroscedastic Regression Models}} in the {{Presence}} of {{Outliers}}},
  author = {Sohel, R. and Habshah, M. and Imon, H. M. R.},
  journal = {Mathematical Problems in Engineering},
  year = {2012},
  pages = {14},
  publisher = {Hindawi}
}



@article{wu-1986,
  title = {Jackknife, {{Bootstrap}} and {{Other Resampling Methods}} in {{Regression Analysis}}},
  author = {Wu, C. F. J.},
  year = {1986},
  month = dec,
  journal = {The Annals of Statistics},
  volume = {14},
  number = {4},
  pages = {1261--1295},
  doi = {10.1214/aos/1176350142}
}



@article{liu-1988,
  title = {Bootstrap {{Procedures}} under Some {{Non-I}}.{{I}}.{{D}}. {{Models}}},
  author = {Liu, R. Y.},
  year = {1988},
  journal = {The Annals of Statistics},
  volume = {16},
  number = {4},
  pages = {1696--1708},
  doi = {10.1214/aos/1176351062}
}


@phdthesis{febles-2014,
  type = {Tesis de {{Maestr{\'i}a}}},
  title = {Evaluaci{\'o}n de La {{eficiencia}} Del {{M{\'e}todo}} de {{Regresi{\'o}n}} En La {{Validaci{\'o}n}} de {{Modelos}}: {{Un Estudio}} de {{Simulaci{\'o}n}}},
  author = {{Febles}, A},
  year = {2014},
  address = {M{\'e}rida, Yucat{\'a}n, M{\'e}xico.},
  school = {UADY, Facultad de Matem{\'a}ticas}
}




@ARTICLE{jung-2019,

AUTHOR={Jung, Kwanghee  and Lee, Jaehoon  and Gupta, Vibhuti  and Cho, Gyeongcheol },

TITLE={Comparison of Bootstrap Confidence Interval Methods for GSCA Using a Monte Carlo Simulation},

JOURNAL={Frontiers in Psychology},

VOLUME={10},

YEAR={2019},

URL={https://www.frontiersin.org/journals/psychology/articles/10.3389/fpsyg.2019.02215},

DOI={10.3389/fpsyg.2019.02215},

ISSN={1664-1078}

}

@article{Ohtani-2004,
author = {Ohtani, Kazuhiro and Tanizaki, Hisashi},
year = {2004},
month = {01},
pages = {},
title = {Exact Distributions of R2 and Adjusted R2 in a Linear Regression Model with Multivariate t Error Terms},
volume = {34},
journal = {Journal of the Japan Statistical Society},
doi = {10.14490/jjss.34.101}
}




@techreport{christou-2005,
  author       = {Nicolas Christou},
  title        = {The True R\textsuperscript{2} and the Truth about R\textsuperscript{2}},
  institution  = {UCLA: Center for the Teaching of Statistics},
  year         = {2005},
  series       = {Other Recent Work},
  url          = {https://escholarship.org/uc/item/6149r04h},
}



@article{barten-1962,
author = {Barten, A. P.},
title = {Note on unbiased estimation of the squared multiple correlation coefficient},
journal = {Statistica Neerlandica},
volume = {16},
number = {2},
pages = {151-164},
doi = {https://doi.org/10.1111/j.1467-9574.1962.tb01062.x},
url = {https://onlinelibrary.wiley.com/doi/abs/10.1111/j.1467-9574.1962.tb01062.x},
eprint = {https://onlinelibrary.wiley.com/doi/pdf/10.1111/j.1467-9574.1962.tb01062.x},
year = {1962}
}


@article{crammer-1987,
title = {Mean and variance of R2 in small and moderate samples},
journal = {Journal of Econometrics},
volume = {35},
number = {2},
pages = {253-266},
year = {1987},
issn = {0304-4076},
doi = {https://doi.org/10.1016/0304-4076(87)90027-3},
url = {https://www.sciencedirect.com/science/article/pii/0304407687900273},
author = {J.S. Cramer},
}


@article{siegel-1982,
  title = {Robust Regression Using Repeated Medians},
  author = {Siegel, Andrew F.},
  year = {1982},
  month = apr,
  journal = {Biometrika},
  volume = {69},
  number = {1},
  eprint = {https://academic.oup.com/biomet/article-pdf/69/1/242/669651/69-1-242.pdf},
  pages = {242--244},
  issn = {0006-3444},
  doi = {10.1093/biomet/69.1.242}
}


@article{annalisa-2024,
author = {Orenti, Annalisa and Zolin, Anna and Marubini, Ettore and Antonelli, Paolo and Ambrogi, Federico and Bruno Mario, Cesana},
year = {2024},
month = {10},
pages = {},
title = {Robust Regression as a Sensible Alternative to the Weighted Ordinary Least Squares Regression in case of Heteroskedasticity. A Tutorial},
volume = {19},
journal = {Epidemiology, Biostatistics, and Public Health},
doi = {10.54103/2282-0930/26484}
}


@article{rousseeuw-1984,
  ISSN = {01621459, 1537274X},
  URL = {http://www.jstor.org/stable/2288718},
  author = {Peter Rousseeuw},
  journal = {Journal of the American Statistical Association},
  number = {388},
  pages = {871--880},
  publisher = {[American Statistical Association, Taylor & Francis, Ltd.]},
  title = {Least Median of Squares Regression},
  volume = {79},
  year = {1984}
}


@article{rousseeuw-yohai-1984,
  author = {Rousseeuw, Peter and Yohai, Victor},
  year = {1984},
  month = {06},
  pages = {256-272},
  title = {Robust Regression by Means of S-Estimators},
  volume = {26},
  isbn = {978-0-387-96102-6},
  journal = {Springer Lecture Notes in Statistics},
  doi = {10.1007/978-1-4615-7821-5_15}
}


@article{yohai-1987,
  author = {Victor J. Yohai},
  title = {{High Breakdown-Point and High Efficiency Robust Estimates for Regression}},
  volume = {15},
  journal = {The Annals of Statistics},
  number = {2},
  publisher = {Institute of Mathematical Statistics},
  pages = {642 -- 656},
  keywords = {high breakdown-point, high efficiency, linear model, robust estimation},
  year = {1987},
  doi = {10.1214/aos/1176350366},
  URL = {https://doi.org/10.1214/aos/1176350366}
}


@book{huber-1981,
  author    = {Peter J. Huber},
  title     = {Robust Statistics},
  year      = {1981},
  publisher = {John Wiley and Sons},
  address   = {New York},
  doi       = {10.1002/0471725250}
}




@article{efron-1981,
  ISSN = {00063444, 14643510},
  URL = {http://www.jstor.org/stable/2335441},
  author = {Bradley Efron},
  journal = {Biometrika},
  number = {3},
  pages = {589-599},
  publisher = {[Oxford University Press, Biometrika Trust]},
  title = {Nonparametric Estimates of Standard Error: The Jackknife, the Bootstrap and Other Methods},
  volume = {68},
  year = {1981}
}



@article{russell-2008,
title = {The wild bootstrap, tamed at last},
journal = {Journal of Econometrics},
volume = {146},
number = {1},
pages = {162-169},
year = {2008},
issn = {0304-4076},
doi = {https://doi.org/10.1016/j.jeconom.2008.08.003},
url = {https://www.sciencedirect.com/science/article/pii/S0304407608000833},
author = {Russell Davidson and Emmanuel Flachaire},
keywords = {Wild bootstrap, Heteroskedasticity, Bootstrap inference}
}



@article{good-2005,
author = {Good, Phillip},
year = {2005},
month = {01},
pages = {},
title = {Permutation, parametric and bootstrap tests of hypotheses. 3rd ed},
isbn = {0-387-20279-X},
doi = {10.1007/b138696}
}



@Book{efron-tibs-1993,
  Title                    = {An Introduction to the Bootstrap},
  Author                   = {Bradley Efron and Robert J. Tibshirani},
  Publisher                = {Chapman \& Hall/CRC},
  Year                     = {1993},

  Address                  = {Boca Raton, Florida, USA},
  Number                   = {57},
  Series                   = {Monographs on Statistics and Applied Probability}
}



@book{efron-1982,
author = {Efron, Bradley},
title = {The Jackknife, the Bootstrap and Other Resampling Plans},
publisher = {Society for Industrial and Applied Mathematics},
year = {1982},
doi = {10.1137/1.9781611970319},
address = {},
edition   = {},
URL = {https://epubs.siam.org/doi/abs/10.1137/1.9781611970319},
}




@book{montgomery-2017,
  title = {Design and Analysis of Experiments},
  author = {Montgomery, D. C.},
  year = {2017},
  edition = {9th edition},
  publisher = {John wiley \& sons},
  address = {New Jersey, USA.},
}




@manual{R-2024,
  title = {{R}: A Language and Environment for Statistical Computing},
  author = {{R Core Team}},
  year = {2024},
  organization = {R Foundation for Statistical Computing},
  address = {Vienna, Austria},
  isbn = {3-900051-07-0},
  url = {https://www.R-project.org/}
}



@manual{statgraphics-2024,
  title = {{STATGRAPHICS Centurion 19 Version 19.6.03}},
  author = {{Statgraphics Technologies, Inc.}},
  year = {2024},
  url = {https://www.statgraphics.com}
}


#nuevos sabado

@book{giordano-1997,
  author    = {Giordano, F. R. and Weir, M. D. and Fox, W. P.},
  title     = {The modeling process},
  year      = {1997},
  publisher = {Brooks/Cole Publishing Company},
  address   = {Pacific Grove, USA},
  booktitle = {A First Course in Mathematical Modeling}
}


@article{halachmi-2004,
  author    = {Halachmi, I. and Edan, Y. and Moallem, U. and Maltz, E.},
  title     = {Predicting feed intake of the individual dairy cow},
  journal   = {J Dairy Sci},
  year      = {2004},
  volume    = {87},
  number    = {7},
  pages     = {2254--2267},
  month     = {Jul},
  doi       = {10.3168/jds.S0022-0302(04)70046-6},
  issn      = {0022-0302}
}

@article{mayer-1994,
title = {Regression of real-world data on model output: An appropriate overall test of validity},
journal = {Agricultural Systems},
volume = {45},
number = {1},
pages = {93-104},
year = {1994},
issn = {0308-521X},
doi = {https://doi.org/10.1016/S0308-521X(94)90282-8},
url = {https://www.sciencedirect.com/science/article/pii/S0308521X94902828},
author = {D.G. Mayer and M.A. Stuart and A.J. Swain}
}


@article{analla-1998,
title = {Model validation through the linear regression fit to actual versus predicted values},
journal = {Agricultural Systems},
volume = {57},
number = {1},
pages = {115-119},
year = {1998},
issn = {0308-521X},
doi = {https://doi.org/10.1016/S0308-521X(97)00073-5},
url = {https://www.sciencedirect.com/science/article/pii/S0308521X97000735},
author = {M. Analla}
}


@book{gutierrez-2012,
  author    = {Gutierrez, H. and de la Vara, R.},
  title     = {An{\'a}lisis y dise{\~n}o de experimentos},
  edition   = {3},
  year      = {2012},
  publisher = {McGraw Hill},
  address   = {M{\'e}xico, D.F.}
}


@article{arcone-2006,
  title = {Some new tests for normality based on U-processes},
  journal = {Statistics and Probability Letters},
  volume = {76},
  number = {1},
  pages = {69-82},
  year = {2006},
  issn = {0167-7152},
  doi = {https://doi.org/10.1016/j.spl.2005.07.003},
  url = {https://www.sciencedirect.com/science/article/pii/S0167715205002683},
  author = {Miguel A. Arcones and Yishi Wang}
}

@article{thadewald-2007,
  author = {Thadewald, Thorsten and Buning, Herbert},
  year = {2007},
  month = {02},
  pages = {87-105},
  title = {Jarque-Bera Test and its Competitors for Testing Normality - A Power Comparison},
  volume = {34},
  journal = {Journal of Applied Statistics},
  doi = {10.1080/02664760600994539}
}


@article{yazici-2007,
  author = {Berna Yazici and Senay Yolacan},
  title = {A comparison of various tests of normality},
  journal = {Journal of Statistical Computation and Simulation},
  volume = {77},
  number = {2},
  pages = {175--183},
  year = {2007},
  publisher = {Taylor \& Francis},
  doi = {10.1080/10629360600678310},
  URL = {https://doi.org/10.1080/10629360600678310},
  eprint = { https://doi.org/10.1080/10629360600678310}
}


@article{Lilliefors-1967,
  title={On the Kolmogorov-Smirnov Test for Normality with Mean and Variance Unknown},
  author={Hubert W. Lilliefors},
  journal={Journal of the American Statistical Association},
  year={1967},
  volume={62},
  pages={399-402},
  url={https://api.semanticscholar.org/CorpusID:16462094}
}



@article{steinskog-2007,
  author = {{Steinskog}, Dag J. and {Tj{\o}stheim}, Dag B. and {Kvamst{\o}}, Nils G.},
  title = {A Cautionary Note on the Use of the Kolmogorov Smirnov Test for Normality},
  journal = {Monthly Weather Review},
  year = {2007},
  month = {jan},
  volume = {135},
  number = {3},
  pages = {1151},
  doi = {10.1175/MWR3326.1},
  adsurl = {https://ui.adsabs.harvard.edu/abs/2007MWRv..135.1151S},
}



@article{oztuna-2006,
  author = {√ñztuna, D. and Elhan, Atilla and T√ºccar, E.},
  year = {2006},
  month = {01},
  pages = {171-176},
  title = {Investigation of four different normality tests in terms of type 1 error rate and power under different distributions},
  volume = {36},
  journal = {Turkish Journal of Medical Sciences}
}


@book{conover-1999,
  author    = {Conover, W. J.},
  title     = {Practical Nonparametric Statistics},
  edition   = {3},
  year      = {1999},
  publisher = {John Wiley \& Sons},
  address   = {New York}
}


@book{daniel-1990,
  author    = {Daniel, W.},
  title     = {Applied Nonparametric Statistics},
  edition   = {2},
  year      = {1990},
  publisher = {PWS-KENT Publishing},
  address   = {Boston, Mass.}
}

@book{taboga-2017,
  author    = {Taboga, Marco},
  title     = {Lectures on Probability Theory and Mathematical Statistics},
  edition   = {3},
  year      = {2017},
  isbn      = {978-1981369195},
}


@online{goldfeld-2024,
  author    = {{GeeksforGeeks}},
  title     = {Goldfeld-Quandt Test},
  year      = {s.f.},
  note      = {Recuperado en noviembre de 2024},
  url       = {https://www.geeksforgeeks.org/goldfeld-quandt-test/}
}




@article{harris-1979,
  ISSN = {01621459, 1537274X},
  URL = {http://www.jstor.org/stable/2286361},
  author = {M. J. Harrison and B. P. M. McCabe},
  journal = {Journal of the American Statistical Association},
  number = {366},
  pages = {494--499},
  publisher = {[American Statistical Association, Taylor & Francis, Ltd.]},
  title = {A Test for Heteroscedasticity Based on Ordinary Least Squares Residuals},
  urldate = {2024-11-30},
  volume = {74},
  year = {1979}
}


@article{breush-1979,
  ISSN = {00129682, 14680262},
  URL = {http://www.jstor.org/stable/1911963},
  author = {T. S. Breusch and A. R. Pagan},
  journal = {Econometrica},
  number = {5},
  pages = {1287--1294},
  publisher = {[Wiley, Econometric Society]},
  title = {A Simple Test for Heteroscedasticity and Random Coefficient Variation},
  urldate = {2024-11-30},
  volume = {47},
  year = {1979}
}

@book{verbeek-2004,
  author    = {Verbeek, M.},
  title     = {A Guide to Modern Econometrics},
  edition   = {2},
  year      = {2004},
  publisher = {Wiley \& Sons Ltd},
  address   = {Gran Breta{\~n}a}
}


@article{bickel-1978,
  author = {P. J. Bickel},
  title = {{Using Residuals Robustly I: Tests for Heteroscedasticity, Nonlinearity}},
  volume = {6},
  journal = {The Annals of Statistics},
  number = {2},
  publisher = {Institute of Mathematical Statistics},
  pages = {266 -- 291},
  year = {1978},
  doi = {10.1214/aos/1176344124},
  URL = {https://doi.org/10.1214/aos/1176344124}
}

@article{koenker-1981,
title = {A note on studentizing a test for heteroscedasticity},
journal = {Journal of Econometrics},
volume = {17},
number = {1},
pages = {107-112},
year = {1981},
issn = {0304-4076},
doi = {https://doi.org/10.1016/0304-4076(81)90062-2},
url = {https://www.sciencedirect.com/science/article/pii/0304407681900622},
author = {Roger Koenker}
}


@article{white-1980,
  ISSN = {00129682, 14680262},
  URL = {http://www.jstor.org/stable/1912934},
  author = {Halbert White},
  journal = {Econometrica},
  number = {4},
  pages = {817--838},
  publisher = {[Wiley, Econometric Society]},
  title = {A Heteroskedasticity-Consistent Covariance Matrix Estimator and a Direct Test for Heteroskedasticity},
  urldate = {2024-12-01},
  volume = {48},
  year = {1980}
}


@thesis{ayala-2024,
  author    = {Ayala, Ricardo},
  title     = {Eficacia de los estimadores para la varianza de los predichos en la simulaci{\'o}n de modelos exactos-precisos cuando se cumplen los supuestos de normalidad e igualdad de varianzas},
  year      = {2024},
  type      = {Tesis de Licenciatura},
  school    = {UADY, Facultad de Matem{\'a}ticas},
  address   = {M{\'e}rida, Yucat{\'a}n, M{\'e}xico}
}

@book{givens-2013,
  author    = {Givens, Geof H. and Hoeting, Jennifer A.},
  title     = {Computational Statistics},
  edition   = {3},
  year      = {2013},
  publisher = {Wiley},
  address   = {New Jersey, USA}
}


@article{micceri-1989,
author = {Micceri, Theodore},
year = {1989},
month = {01},
pages = {156-166},
title = {The Unicorn, The Normal Curve, and Other Improbable Creatures},
volume = {105},
journal = {Psychological Bulletin},
doi = {10.1037/0033-2909.105.1.156}
}



@article{hesterberg-2011,
author = {Chihara, Laura and Hesterberg, Tim},
year = {2011},
month = {01},
pages = {},
title = {Mathematical statistics with resampling and R}
}

@book{hesterberg-2003,
  author    = {Hesterberg, T. and Monaghan, S. and Moore, D. and Clipson, A. and Epstein, R.},
  title     = {Bootstrap Methods and Permutation Tests},
  year      = {2003},
  publisher = {W. H. Freeman and Company},
  address   = {New York}
}


@article{cheng-2011,
author = {Cheng, Ke-Sheng and Hou, Ju-Chen and Liou, Jun-Jih and Wu, Yii-Chen and Chiang, Jie-Lun},
year = {2011},
month = {02},
pages = {107-122},
title = {Stochastic simulation of bivariate gamma distribution: A frequency-factor based approach},
volume = {25},
journal = {Stochastic Environmental Research and Risk Assessment},
doi = {10.1007/s00477-010-0427-7}
}


@book{montgomery-2004,
  author    = {Montgomery, D.},
  title     = {Dise{\~n}o y an{\'a}lisis de experimentos},
  edition   = {2},
  year      = {2004},
  publisher = {Limusa Wiley},
  address   = {M{\'e}xico, D.F.}
}





@article{chung-1987,
  author = {Reynolds, M. R. Jr. and Chung, J.},
  title = {Regression methodology for estimating model prediction error},
  journal = {Canadian Journal of Forest Research},
  volume = {16},
  number = {5},
  pages = {931--938},
  year = {1987},
  publisher = {NRC Research Press}
}




@mastersthesis{osorio-2011,
  author = {Osorio, A. I.},
  title = {Modelo de simulaci\'on para predecir ganancia de peso en ovinos alimentados con dietas altas en grano},
  school = {Universidad Aut\'onoma Metropolitana, Unidad Xochimilco},
  year = {2011},
  address = {M\'exico, D.F.},
  type = {Tesis de Maestr\'ia}
}





@book{chernickIntroductionBootstrapMethods211,
  title = {An Introduction to Bootstrap Methods with Applications to {{R}}},
  author = {Chernick, M. R. and LaBudde, R. A.},
  year = {211},
  publisher = {John Wiley \& Sons},
  isbn = {0-470-46704-6}
}















@article{ranneySampleCoefficientDetermination1981,
  title = {The {{Sample Coefficient}} of {{Determination}} in {{Simple Linear Regression}}},
  author = {Ranney, G. B. and Thigpen, C. C.},
  year = {1981},
  journal = {The American Statistician},
  volume = {35},
  number = {3},
  eprint = {2683984},
  eprinttype = {jstor},
  pages = {152--153},
  publisher = {[American Statistical Association, Taylor \& Francis, Ltd.]},
  issn = {00031305},
  doi = {10.2307/2683984},
  urldate = {2023-11-16}
}



